<?xml version="1.0" encoding="UTF-8"?><collection xmlns="http://www.loc.gov/MARC21/slim"><record><leader>00543nam--2200193-i-4500</leader><controlfield tag="001">000049003</controlfield><controlfield tag="002">20161230</controlfield><controlfield tag="005">20161230201047</controlfield><controlfield tag="008">060222s1000------------r-----000-0-rus-d</controlfield><datafield ind1=" " ind2=" " tag="040"><subfield code="a">IFIN-HH</subfield></datafield><datafield ind1=" " ind2=" " tag="041"><subfield code="a">rus</subfield></datafield><datafield ind1=" " ind2=" " tag="080"><subfield code="a">539.12.01(083.5)</subfield></datafield><datafield ind1="1" ind2=" " tag="100"><subfield code="a">Lukianov, A.V</subfield></datafield><datafield ind1="1" ind2="0" tag="245"><subfield code="a">Tablity volnovyh kulonovskih funkcii (funkcii uittekera)</subfield><subfield code="c">A.s. lukianov, i.b. teplov, m.k. akimova</subfield></datafield><datafield ind1=" " ind2=" " tag="260"><subfield code="a">Moskva, 1961. 224 S</subfield><subfield code="b">Vt An Sssr</subfield><subfield code="c">1961</subfield></datafield><datafield ind1=" " ind2=" " tag="300"><subfield code="a">221p</subfield></datafield><datafield ind1="1" ind2=" " tag="700"><subfield code="a">Akimova, M.K</subfield></datafield><datafield ind1=" " ind2=" " tag="852"><subfield code="a">77302</subfield><subfield code="c">53.081</subfield></datafield><datafield ind1=" " ind2=" " tag="CAT"><subfield code="a">Sys</subfield><subfield code="c">20160405</subfield><subfield code="h">143553</subfield></datafield></record></collection>